@article{rad1,
    author = {Krizhevsky, Alex and Sutskever, Ilya and Hinton, Geoffrey E.},
    title = {ImageNet Classification with Deep Convolutional Neural Networks},
    journal = {Commun. ACM},
    issue_date = {June 2017},
    volume = {60},
    number = {6},
    month = may,
    year = {2017},
    issn = {0001-0782},
    pages = {84--90},
    numpages = {7},
    url = {http://doi.acm.org/10.1145/3065386},
    doi = {10.1145/3065386},
    acmid = {3065386},
    publisher = {ACM},
    address = {New York, NY, USA},
},
@article{rad2,
    author = {Volodymyr Mnih and
              Koray Kavukcuoglu and
              David Silver and
              Alex Graves and
              Ioannis Antonoglou and
              Daan Wierstra and
              Martin A. Riedmiller},
    title = {Playing Atari with Deep Reinforcement Learning},
    journal = {CoRR},
    volume = {abs/1312.5602},
    year = {2013},
    url = {http://arxiv.org/abs/1312.5602},
    archivePrefix = {arXiv},
    eprint = {1312.5602},
    timestamp = {Mon, 13 Aug 2018 16:47:42 +0200},
    biburl = {https://dblp.org/rec/bib/journals/corr/MnihKSGAWR13},
    bibsource = {dblp computer science bibliography, https://dblp.org}
},
@article{rad3,
    title = {Evolution Strategies as a Scalable Alternative to Reinforcement Learning},
    author = {Tim Salimans and
              Jonathan Ho and
              Xi Chen and
              Ilya Sutskever},
    journal = {CoRR},
    year = {2017},
    volume = {abs/1703.03864},
    url = {https://arxiv.org/abs/1703.03864}
},
@article{rad4,
    author = {Volodymyr Mnih and
              Adri{\`{a}} Puigdom{\`{e}}nech Badia and
              Mehdi Mirza and
              Alex Graves and
              Timothy P. Lillicrap and
              Tim Harley and
              David Silver and
              Koray Kavukcuoglu},
    title = {Asynchronous Methods for Deep Reinforcement Learning},
    journal = {CoRR},
    volume = {abs/1602.01783},
    year = {2016},
    url = {http://arxiv.org/abs/1602.01783},
    archivePrefix = {arXiv},
    eprint = {1602.01783},
    timestamp = {Mon, 13 Aug 2018 16:47:40 +0200},
    biburl = {https://dblp.org/rec/bib/journals/corr/MnihBMGLHSK16},
    bibsource = {dblp computer science bibliography, https://dblp.org}
},
@Article{rad5,
    title = {Evolving Neural Networks Through Augmenting Topologies},
    author = {Kenneth O. Stanley and
              Risto Miikkulainen},
    volume = {10},
    journal = {Evolutionary Computation},
    number = {2},
    pages = {99-127},
    url = {http://nn.cs.utexas.edu/?stanley:ec02},
    year = {2002}
},
@inproceedings{rad6,
    author = {Zhen, Jacky Shunjie and Watson, Ian},
    title = {Neuroevolution for Micromanagement in the Real-Time Strategy Game Starcraft: Brood War},
    booktitle = {Proceedings of the 26th Australasian Joint Conference on AI 2013: Advances in Artificial Intelligence - Volume 8272},
    year = {2013},
    isbn = {978-3-319-03679-3},
    pages = {259--270},
    numpages = {12},
    url = {http://dx.doi.org/10.1007/978-3-319-03680-9_28},
    doi = {10.1007/978-3-319-03680-9_28},
    acmid = {2695010},
    publisher = {Springer-Verlag New York, Inc.},
    address = {New York, NY, USA},
    keywords = {Evolutionary Computation, Neuroevolution, Real-Time Strategy Games},
},
@misc{rad7,
    author = {OpenAI},
    year = {2017},
    title = {OpenAI Five},
    howpublished = {\url{https://openai.com/five/}},
    note = {Na dan: 3.2.2019.}
},
@article{rad8,
    author = {Oriol Vinyals and
              Timo Ewalds and
              Sergey Bartunov and
              Petko Georgiev and
              Alexander Sasha Vezhnevets and
              Michelle Yeo and
              Alireza Makhzani and
              Heinrich K{\"{u}}ttler and
              John Agapiou and
              Julian Schrittwieser and
              John Quan and
              Stephen Gaffney and
              Stig Petersen and
              Karen Simonyan and
              Tom Schaul and
              Hado van Hasselt and
              David Silver and
              Timothy P. Lillicrap and
              Kevin Calderone and
              Paul Keet and
              Anthony Brunasso and
              David Lawrence and
              Anders Ekermo and
              Jacob Repp and
              Rodney Tsing},
    title = {StarCraft {II:} {A} New Challenge for Reinforcement Learning},
    journal = {CoRR},
    volume = {abs/1708.04782},
    year = {2017},
    url = {http://arxiv.org/abs/1708.04782},
    archivePrefix = {arXiv},
    eprint = {1708.04782},
    timestamp = {Mon, 13 Aug 2018 16:47:24 +0200},
    biburl = {https://dblp.org/rec/bib/journals/corr/abs-1708-04782},
    bibsource = {dblp computer science bibliography, https://dblp.org}
}
@ARTICLE{rad9, 
    author = {Xin Yao}, 
    journal = {Proceedings of the IEEE}, 
    title = {Evolving artificial neural networks}, 
    year = {1999}, 
    volume = {87}, 
    number = {9}, 
    pages = {1423-1447}, 
    keywords = {neural nets;learning (artificial intelligence);genetic algorithms;search problems;technological     forecasting;neural networks;learning;evolutionary algorithms;connection weights;search     operators;intelligent systems;Artificial neural networks;Intelligent systems;Competitive     intelligence;Evolutionary computation;Artificial intelligence;Transfer functions;Computer     networks;Intelligent networks;Algorithm design and analysis;Adaptive systems}, 
    doi = {10.1109/5.784219}, 
    ISSN = {0018-9219}, 
    month = {Sep.},
    url = {https://ieeexplore.ieee.org/document/784219}
}