@misc{rad1,
	author		=	"Gabriel, I., Negru, V., Zaharie, D.",
	title			=	"Neuroevolution based multi-agent system for micromanagement in real-time strategy games.",
	year			=	2012,
	howpublished	= "\url{http://dl.acm.org/citation.cfm?id=2371324}"
},
@misc{rad2,
	author		=	"Stanley, K.O., Miikkulainen, R.",
	title			=	"Evolving neural networks through augmenting topologies.",
	year			=	2002,
	howpublished	= "\url{http://nn.cs.utexas.edu/downloads/papers/stanley.ec02.pdf}"
},
@misc{rad3,
	author		=	"Yao, X.",
	title			=	"Evolving artificial neural networks.",
	year			=	1999,
	howpublished	= "\url{http://ieeexplore.ieee.org/document/784219/}"
},
@misc{rad4,
	author		=	"Stanley, K.O., Bryant, B.D., Miikkulainen, R.",
	title			=	"Evolving neural network agents in the NERO video game.",
	year			=	2005,
	howpublished	= "\url{https://pdfs.semanticscholar.org/dc7e/431b4d8c432a3903042d8c63441ab0cfe3d4.pdf}"
},
@misc{rad5,
	author		=	"Zhen, J.S., Watson, I.",
	title			=	"Neuroevolution for micromanagement in the real-time strategy game StarCraft: Brood War.",
	year			=	2013,
	howpublished	= "\url{https://www.cs.auckland.ac.nz/research/gameai/publications/Zhen_Watson_AI13.pdf}"
},
